<record><leader>00000cas a22000007a 4500</leader><controlfield tag="001">21094614</controlfield><controlfield tag="008">900220d191u1955gauwr ne      0    0eng d</controlfield><datafield ind1=" " ind2=" " tag="010"><subfield code="a">sn 90052138 </subfield></datafield><datafield ind1=" " ind2=" " tag="040"><subfield code="a">NLG</subfield><subfield code="b">eng</subfield><subfield code="c">NLG</subfield><subfield code="d">GUA</subfield><subfield code="d">OCLCQ</subfield><subfield code="d">OCLCF</subfield><subfield code="d">OCLCO</subfield></datafield><datafield ind1="1" ind2=" " tag="029"><subfield code="a">AU@</subfield><subfield code="b">000025488247</subfield></datafield><datafield ind1=" " ind2=" " tag="042"><subfield code="a">msc</subfield></datafield><datafield ind1=" " ind2=" " tag="043"><subfield code="a">n-us-ga</subfield></datafield><datafield ind1="0" ind2="0" tag="245"><subfield code="a">Pearson tribune.</subfield></datafield><datafield ind1=" " ind2=" " tag="260"><subfield code="a">Pearson, Ga. :</subfield><subfield code="b">Tribune Pub. Co.,</subfield><subfield code="c">-[1955]</subfield></datafield><datafield ind1=" " ind2=" " tag="300"><subfield code="a">v.</subfield></datafield><datafield ind1=" " ind2=" " tag="310"><subfield code="a">Weekly</subfield></datafield><datafield ind1="1" ind2=" " tag="362"><subfield code="a">Ceased in Aug. 1955.</subfield></datafield><datafield ind1=" " ind2=" " tag="580"><subfield code="a">Merged with: Atkinson County citizen (Pearson, Ga. : 1954), to form: Atkinson County citizen and the Pearson tribune.</subfield></datafield><datafield ind1=" " ind2=" " tag="588"><subfield code="a">Description based on: Vol. 3, no. 4 (May 24, 1917).</subfield></datafield><datafield ind1=" " ind2="0" tag="651"><subfield code="a">Pearson (Ga.)</subfield><subfield code="v">Newspapers.</subfield></datafield><datafield ind1=" " ind2="0" tag="651"><subfield code="a">Atkinson County (Ga.)</subfield><subfield code="v">Newspapers.</subfield></datafield><datafield ind1=" " ind2="7" tag="655"><subfield code="a">Newspapers.</subfield><subfield code="2">fast</subfield><subfield code="0">(OCoLC)fst01423814</subfield></datafield><datafield ind1=" " ind2="7" tag="651"><subfield code="a">Georgia</subfield><subfield code="z">Atkinson County.</subfield><subfield code="2">fast</subfield><subfield code="0">(OCoLC)fst01215079</subfield></datafield><datafield ind1=" " ind2="7" tag="651"><subfield code="a">Georgia</subfield><subfield code="z">Pearson.</subfield><subfield code="2">fast</subfield><subfield code="0">(OCoLC)fst01886800</subfield></datafield><datafield ind1=" " ind2=" " tag="752"><subfield code="a">United States</subfield><subfield code="b">Georgia</subfield><subfield code="c">Atkinson</subfield><subfield code="d">Pearson.</subfield></datafield><datafield ind1=" " ind2=" " tag="752"><subfield code="a">United States</subfield><subfield code="b">Georgia</subfield><subfield code="c">Coffee.</subfield></datafield><datafield ind1="1" ind2="7" tag="785"><subfield code="t">Atkinson County citizen (Pearson, Ga. : 1954)</subfield></datafield><datafield ind1="1" ind2="7" tag="785"><subfield code="t">Atkinson County citizen and the Pearson tribune</subfield><subfield code="w">(DLC)sn 89053263</subfield><subfield code="w">(OCoLC)19685328</subfield></datafield></record>